@article{ aranha,
       author = {Aranha, Yóssis, Cardoso, Luders, Matias.},
       title = {Execução de código arbitrário na urna eletrônica brasileira.},
       year = {2018},
       url = {https://www.researchgate.net/publication/326261911_Execucao_de_codigo_arbitrario_na_urna_eletronica_brasileira},
       doi = {10.13140},
}
