@article{ aranha,
       author = {Aranha, Yóssis},
       title = {Execução de código arbitrário na urna eletrônica brasileira.},
       year = {2018},
       url = {https://www.researchgate.net/publication/326261911_Execucao_de_codigo_arbitrario_na_urna_eletronica_brasileira},
       doi = {10.13140},
}
@book{ pki,
	 author = {Carlisle Adams, Steve Lloyd},
	 title = {Understanding PKI: Concepts, Standards, and Deployment Considerations},
	 year = {2002},
}
@misc{nakamoto2012bitcoin,
  added-at = {2014-04-17T08:33:06.000+0200},
  author = {Nakamoto, Satoshi},
  biburl = {https://www.bibsonomy.org/bibtex/23db66df0fc9fa2b5033f096a901f1c36/ngnn},
  interhash = {423c2cdff70ba0cd0bca55ebb164d770},
  intrahash = {3db66df0fc9fa2b5033f096a901f1c36},
  keywords = {imported},
  timestamp = {2014-04-17T08:33:06.000+0200},
  title = {Bitcoin: A peer-to-peer electronic cash system},
  url = {http://www.bitcoin.org/bitcoin.pdf},
  year = 2009
}


